@article{self-capacitance,
    author = "David W Knight",
    title = "The self-resonance and self-capacitance of solenoid coils",
    year = "2016",
    DOI = "10.13140/RG.2.1.1472.0887"
}